
 
@MISC{Guide,
  author = {Overleaf},
  title = {Learn {LaTeX} in 30 minutes guide},
  howpublished = {\url{https://es.overleaf.com/learn}}
 }
 @MISC{Stack,
  
  title = {TeX Stack Exchange Website},
  howpublished = {\url{https://tex.stackexchange.com/}},
  note = {This forum gave us a lot of information about doing very specific things.}
 }
    @BOOKLET{TheoryAdvant,
  
  title = {TEMA 2. Diseño de sistemas digitales},
  author = {Universidad de Granada (UGR)},
  year ={2007},
  howpublished = {\url{http://www.cartagena99.com/recursos/alumnos/apuntes/DCSE-IT\_tema2.pdf}},
 }
    @BOOKLET{TheoryImages,
  
  title = {TEMA 2 diseño digital CMOS},
  author = {Jose Manuel Mendías Cuadros y Hortensia Mecha López},
  year ={2002},
  note = {Universidad Complutense de Madrid},
  howpublished = {\url{http://www.dacya.ucm.es/horten/dci/tema1\_2.pdf}},
 }
 
   @BOOKLET{TheoryExpl,
  
  title = {TEMA 4. Principales subsistemas digitales en CMOS-VLSI},
  author = {Universidad de Cantabria},
  year ={2011},
  howpublished = {\url{https://personales.unican.es/solanaj/m1\_para\_web\_2010/TEMAS\_micro\_I/Micro_I\_TEMA_4/TEMA\%204.1\_10\_11\_resumen.pdf},
 }}
 
  @MISC{CDF,
  title = {Detectores/generadores de paridad},
  year = {2013},
  howpublished = {\url{http://e-ducativa.catedu.es/44700165/aula/archivos/repositorio/4750/4923/html/9\_detectoresgeneradores\_de\_paridad.html}},
  note = {Información sobre los generadores de paridad},
 }
 
    @BOOKLET{MOSFET,
  
  title = {FVLSI\_TI\_N.pdf},
  author = {Miguel Ángel Larrea Torres},
  howpublished = {Información general acerca de los MOSFET},
 }
 
@BOOKLET{Guion,
  
  title = {P3-1\_13\_FVLSI.pdf},
  author = {Miguel Ángel Larrea Torres},
  year ={2013},
  howpublished = {Guion de la práctica explicada en la memoria},
 }
 
 